@article{Davies_2020,
	doi = {10.1103/physrevd.101.034512},
  
	url = {https://doi.org/10.1103%2Fphysrevd.101.034512},
  
	year = 2020,
	month = {feb},
  
	publisher = {American Physical Society ({APS})},
  
	volume = {101},
  
	number = {3},
  
	author = {C.{\hspace{0.167em}
}T.{\hspace{0.167em}}H. Davies and C. DeTar and A.{\hspace{0.167em}}X. El-Khadra and E. G{\'{a}}miz and Steven Gottlieb and D. Hatton and A.{\hspace{0.167em}}S. Kronfeld and J. Laiho and G.{\hspace{0.167em}}P. Lepage and Yuzhi Liu and P.{\hspace{0.167em}}B. Mackenzie and C. McNeile and E.{\hspace{0.167em}}T. Neil and T. Primer and J.{\hspace{0.167em}}N. Simone and D. Toussaint and R. S. Van de Water and A. Vaquero and},
  
	journal = {Physical Review D}
}
@article{PhysRevD.96.034516,
  author = {Chakraborty, Bipasha and Davies, C. T. H. and de Oliveira, P. G. and Koponen, J. and Lepage, G. P. and Van de Water, R. S.},
  collaboration = {HPQCD Collaboration},
  journal = {Phys. Rev. D},
  volume = {96},
  issue = {3},
  pages = {034516},
  numpages = {15},
  year = {2017},
  month = {Aug},
  publisher = {American Physical Society},
  doi = {10.1103/PhysRevD.96.034516},
  url = {https://link.aps.org/doi/10.1103/PhysRevD.96.034516}
}
@article{Bazavov_2013,
	doi = {10.1103/physrevd.87.054505},
  
	url = {https://doi.org/10.1103%2Fphysrevd.87.054505},
  
	year = 2013,
	month = {mar},
  
	publisher = {American Physical Society ({APS})},
  
	volume = {87},
  
	number = {5},
  
	author = {A. Bazavov and C. Bernard and J. Komijani and C. DeTar and L. Levkova and W. Freeman and Steven Gottlieb and Ran Zhou and U. M. Heller and J. E. Hetrick and J. Laiho and J. Osborn and R. L. Sugar and D. Toussaint and R. S. Van de Water and},
  
	
	journal = {Physical Review D}
}
@article{2012,
	doi = {10.1007/jhep09(2012)010},
  
	url = {https://doi.org/10.1007%2Fjhep09%282012%29010},
  
	year = 2012,
	month = {sep},
  
	publisher = {Springer Science and Business Media {LLC}},
  
	volume = {2012},
  
	number = {9},
  
	author = {and Szabolcs Bors{\'{a}}nyi and Stephan DÃ¼rr and Zolt{\'{a}}n Fodor and Christian Hoelbling and S{\'{a}}ndor D. Katz and Stefan Krieg and Thorsten Kurth and Laurent Lellouch and Thomas Lippert and Craig McNeile and K{\'{a}}lm{\'{a}}n K. Szab{\'{o}}},
  
  
	journal = {Journal of High Energy Physics}
}
@article{Dowdall_2013,
	doi = {10.1103/physrevd.88.074504},
  
	url = {https://doi.org/10.1103%2Fphysrevd.88.074504},
  
	year = 2013,
	month = {oct},
  
	publisher = {American Physical Society ({APS})},
  
	volume = {88},
  
	number = {7},
  
	author = {R. J. Dowdall and C. T. H. Davies and G. P. Lepage and C. McNeile},
  
	
  
	journal = {Physical Review D}
}

