@article{2020,
   title={Hadronic-vacuum-polarization contribution to the muon’s anomalous magnetic moment from four-flavor lattice QCD},
   volume={101},
   ISSN={2470-0029},
   url={http://dx.doi.org/10.1103/PhysRevD.101.034512},
   DOI={10.1103/physrevd.101.034512},
   number={3},
   journal={Physical Review D},
   publisher={American Physical Society (APS)},
   author={Davies, C. T. H. and DeTar, C. and El-Khadra, A. X. and Gámiz, E. and Gottlieb, Steven and Hatton, D. and Kronfeld, A. S. and Laiho, J. and Lepage, G. P. and Liu, Yuzhi and Mackenzie, P. B. and McNeile, C. and Neil, E. T. and Primer, T. and Simone, J. N. and Toussaint, D. and Van de Water, R. S. and Vaquero, A.},
   year={2020},
   month={Feb} }
